@article{Mukherkjee2022,
  doi = {10.1038/s41598-022-12646-y},
  url = {https://doi.org/10.1038/s41598-022-12646-y},
  year = {2022},
  month = jun,
  publisher = {Springer Science and Business Media {LLC}},
  volume = {12},
  number = {1},
  author = {Debadyuti Mukherkjee and Pritam Saha and Dmitry Kaplun and Aleksandr Sinitca and Ram Sarkar},
  title = {Brain tumor image generation using an aggregation of {GAN} models with style transfer},
  journal = {Scientific Reports}
}

@article{Khan2022,
  doi = {10.1155/2022/8104054},
  url = {https://doi.org/10.1155/2022/8104054},
  year = {2022},
  month = jan,
  publisher = {Hindawi Limited},
  volume = {2022},
  pages = {1--10},
  author = {Abdul Hannan Khan and Sagheer Abbas and Muhammad Adnan Khan and Umer Farooq and Wasim Ahmad Khan and Shahan Yamin Siddiqui and Aiesha Ahmad},
  editor = {Ridha Ejbali},
  title = {Intelligent Model for Brain Tumor Identification Using Deep Learning},
  journal = {Applied Computational Intelligence and Soft Computing}
}

@article{Menze2015,
  doi = {10.1109/tmi.2014.2377694},
  url = {https://doi.org/10.1109/tmi.2014.2377694},
  year = {2015},
  month = oct,
  publisher = {Institute of Electrical and Electronics Engineers ({IEEE})},
  volume = {34},
  number = {10},
  pages = {1993--2024},
  author = {Bjoern H. Menze and Andras Jakab and Stefan Bauer and Jayashree Kalpathy-Cramer and Keyvan Farahani and Justin Kirby and Yuliya Burren and Nicole Porz and Johannes Slotboom and Roland Wiest and Levente Lanczi and Elizabeth Gerstner and Marc-Andre Weber and Tal Arbel and Brian B. Avants and Nicholas Ayache and Patricia Buendia and D. Louis Collins and Nicolas Cordier and Jason J. Corso and Antonio Criminisi and Tilak Das and Herve Delingette and Cagatay Demiralp and Christopher R. Durst and Michel Dojat and Senan Doyle and Joana Festa and Florence Forbes and Ezequiel Geremia and Ben Glocker and Polina Golland and Xiaotao Guo and Andac Hamamci and Khan M. Iftekharuddin and Raj Jena and Nigel M. John and Ender Konukoglu and Danial Lashkari and Jose Antonio Mariz and Raphael Meier and Sergio Pereira and Doina Precup and Stephen J. Price and Tammy Riklin Raviv and Syed M. S. Reza and Michael Ryan and Duygu Sarikaya and Lawrence Schwartz and Hoo-Chang Shin and Jamie Shotton and Carlos A. Silva and Nuno Sousa and Nagesh K. Subbanna and Gabor Szekely and Thomas J. Taylor and Owen M. Thomas and Nicholas J. Tustison and Gozde Unal and Flor Vasseur and Max Wintermark and Dong Hye Ye and Liang Zhao and Binsheng Zhao and Darko Zikic and Marcel Prastawa and Mauricio Reyes and Koen Van Leemput},
  title = {The Multimodal Brain Tumor Image Segmentation Benchmark ({BRATS})},
  journal = {{IEEE} Transactions on Medical Imaging}
}

@article{Bakas2017,
  doi = {10.1038/sdata.2017.117},
  url = {https://doi.org/10.1038/sdata.2017.117},
  year = {2017},
  month = sep,
  publisher = {Springer Science and Business Media {LLC}},
  volume = {4},
  number = {1},
  author = {Spyridon Bakas and Hamed Akbari and Aristeidis Sotiras and Michel Bilello and Martin Rozycki and Justin S. Kirby and John B. Freymann and Keyvan Farahani and Christos Davatzikos},
  title = {Advancing The Cancer Genome Atlas glioma {MRI} collections with expert segmentation labels and radiomic features},
  journal = {Scientific Data}
}

@article{DBLP:journals/corr/abs-1811-02629,
  author    = {Spyridon Bakas and
               Mauricio Reyes and
               Andr{\'{a}}s Jakab and
               Stefan Bauer and
               Markus Rempfler and
               Alessandro Crimi and
               Russell Takeshi Shinohara and
               Christoph Berger and
               Sung Min Ha and
               Martin Rozycki and
               Marcel Prastawa and
               Esther Alberts and
               Jana Lipkov{\'{a}} and
               John B. Freymann and
               Justin S. Kirby and
               Michel Bilello and
               Hassan M. Fathallah{-}Shaykh and
               Roland Wiest and
               Jan Kirschke and
               Benedikt Wiestler and
               Rivka R. Colen and
               Aikaterini Kotrotsou and
               Pamela LaMontagne and
               Daniel S. Marcus and
               Mikhail Milchenko and
               Arash Nazeri and
               Marc{-}Andr{\'{e}} Weber and
               Abhishek Mahajan and
               Ujjwal Baid and
               Dongjin Kwon and
               Manu Agarwal and
               Mahbubul Alam and
               Alberto Albiol and
               Antonio Albiol and
               Alex Varghese and
               Tran Anh Tuan and
               Tal Arbel and
               Aaron Avery and
               Pranjal B. and
               Subhashis Banerjee and
               Thomas Batchelder and
               Kayhan N. Batmanghelich and
               Enzo Battistella and
               Martin Bendszus and
               Eze Benson and
               Jos{\'{e}} Bernal and
               George Biros and
               Mariano Cabezas and
               Siddhartha Chandra and
               Yi{-}Ju Chang and
               et al.},
  title     = {Identifying the Best Machine Learning Algorithms for Brain Tumor Segmentation,
               Progression Assessment, and Overall Survival Prediction in the {BRATS}
               Challenge},
  journal   = {CoRR},
  volume    = {abs/1811.02629},
  year      = {2018},
  url       = {http://arxiv.org/abs/1811.02629},
  eprinttype = {arXiv},
  eprint    = {1811.02629},
  timestamp = {Thu, 14 Oct 2021 09:16:35 +0200},
  biburl    = {https://dblp.org/rec/journals/corr/abs-1811-02629.bib},
  bibsource = {dblp computer science bibliography, https://dblp.org}
}

@misc{Goodfellow2014,
  doi = {10.48550/ARXIV.1406.2661},
  url = {https://arxiv.org/abs/1406.2661},
  author = {Goodfellow,  Ian J. and Pouget-Abadie,  Jean and Mirza,  Mehdi and Xu,  Bing and Warde-Farley,  David and Ozair,  Sherjil and Courville,  Aaron and Bengio,  Yoshua},
  keywords = {Machine Learning (stat.ML),  Machine Learning (cs.LG),  FOS: Computer and information sciences,  FOS: Computer and information sciences},
  title = {Generative Adversarial Networks},
  publisher = {arXiv},
  year = {2014},
  copyright = {arXiv.org perpetual,  non-exclusive license}
}

@misc{Radford2015,
  doi = {10.48550/ARXIV.1511.06434},
  url = {https://arxiv.org/abs/1511.06434},
  author = {Radford,  Alec and Metz,  Luke and Chintala,  Soumith},
  keywords = {Machine Learning (cs.LG),  Computer Vision and Pattern Recognition (cs.CV),  FOS: Computer and information sciences,  FOS: Computer and information sciences},
  title = {Unsupervised Representation Learning with Deep Convolutional Generative Adversarial Networks},
  publisher = {arXiv},
  year = {2015},
  copyright = {arXiv.org perpetual,  non-exclusive license}
}

@misc{Arjovsky2017,
  doi = {10.48550/ARXIV.1701.07875},
  url = {https://arxiv.org/abs/1701.07875},
  author = {Arjovsky,  Martin and Chintala,  Soumith and Bottou,  LÃ©on},
  keywords = {Machine Learning (stat.ML),  Machine Learning (cs.LG),  FOS: Computer and information sciences,  FOS: Computer and information sciences},
  title = {Wasserstein GAN},
  publisher = {arXiv},
  year = {2017},
  copyright = {arXiv.org perpetual,  non-exclusive license}
}

@misc{Schonfeld2020,
  doi = {10.48550/ARXIV.2002.12655},
  url = {https://arxiv.org/abs/2002.12655},
  author = {Sch\"{o}nfeld,  Edgar and Schiele,  Bernt and Khoreva,  Anna},
  keywords = {Computer Vision and Pattern Recognition (cs.CV),  Machine Learning (cs.LG),  Image and Video Processing (eess.IV),  FOS: Computer and information sciences,  FOS: Computer and information sciences,  FOS: Electrical engineering,  electronic engineering,  information engineering,  FOS: Electrical engineering,  electronic engineering,  information engineering},
  title = {A U-Net Based Discriminator for Generative Adversarial Networks},
  publisher = {arXiv},
  year = {2020},
  copyright = {arXiv.org perpetual,  non-exclusive license}
}

@inproceedings{Han2018,
  doi = {10.1109/isbi.2018.8363678},
  url = {https://doi.org/10.1109/isbi.2018.8363678},
  year = {2018},
  month = apr,
  publisher = {{IEEE}},
  author = {Changhee Han and Hideaki Hayashi and Leonardo Rundo and Ryosuke Araki and Wataru Shimoda and Shinichi Muramatsu and Yujiro Furukawa and Giancarlo Mauri and Hideki Nakayama},
  title = {{GAN}-based synthetic brain {MR} image generation},
  booktitle = {2018 {IEEE} 15th International Symposium on Biomedical Imaging ({ISBI} 2018)}
}

@article{Nie2018,
  doi = {10.1109/tbme.2018.2814538},
  url = {https://doi.org/10.1109/tbme.2018.2814538},
  year = {2018},
  month = dec,
  publisher = {Institute of Electrical and Electronics Engineers ({IEEE})},
  volume = {65},
  number = {12},
  pages = {2720--2730},
  author = {Dong Nie and Roger Trullo and Jun Lian and Li Wang and Caroline Petitjean and Su Ruan and Qian Wang and Dinggang Shen},
  title = {Medical Image Synthesis with Deep Convolutional Adversarial Networks},
  journal = {{IEEE} Transactions on Biomedical Engineering}
}

@article{Emami2018,
  doi = {10.1002/mp.13047},
  url = {https://doi.org/10.1002/mp.13047},
  year = {2018},
  month = jul,
  publisher = {Wiley},
  volume = {45},
  number = {8},
  pages = {3627--3636},
  author = {Hajar Emami and Ming Dong and Siamak P. Nejad-Davarani and Carri K. Glide-Hurst},
  title = {Generating synthetic {CTs} from magnetic resonance images using generative adversarial networks},
  journal = {Medical Physics}
}

@misc{Edgar2020,
  doi = {10.48550/ARXIV.2002.12655},
  url = {https://arxiv.org/abs/2002.12655},
  author = {Sch\"{o}nfeld,  Edgar and Schiele,  Bernt and Khoreva,  Anna},
  keywords = {Computer Vision and Pattern Recognition (cs.CV),  Machine Learning (cs.LG),  Image and Video Processing (eess.IV),  FOS: Computer and information sciences,  FOS: Computer and information sciences,  FOS: Electrical engineering,  electronic engineering,  information engineering,  FOS: Electrical engineering,  electronic engineering,  information engineering},
  title = {A U-Net Based Discriminator for Generative Adversarial Networks},
  publisher = {arXiv},
  year = {2020},
  copyright = {arXiv.org perpetual,  non-exclusive license}
}

@misc{Bakas2018,
  doi = {10.48550/ARXIV.1811.02629},
  url = {https://arxiv.org/abs/1811.02629},
  author = {Bakas,  Spyridon and Reyes,  Mauricio and Jakab, et al.},
  keywords = {Computer Vision and Pattern Recognition (cs.CV),  Artificial Intelligence (cs.AI),  Machine Learning (cs.LG),  Machine Learning (stat.ML),  FOS: Computer and information sciences,  FOS: Computer and information sciences},
  title = {Identifying the Best Machine Learning Algorithms for Brain Tumor Segmentation,  Progression Assessment,  and Overall Survival Prediction in the BRATS Challenge},
  publisher = {arXiv},
  year = {2018},
  copyright = {arXiv.org perpetual,  non-exclusive license}
}

@article{Shin2016,
  doi = {10.1109/tmi.2016.2528162},
  url = {https://doi.org/10.1109/tmi.2016.2528162},
  year = {2016},
  month = may,
  publisher = {Institute of Electrical and Electronics Engineers ({IEEE})},
  volume = {35},
  number = {5},
  pages = {1285--1298},
  author = {Hoo-Chang Shin and Holger R. Roth and Mingchen Gao and Le Lu and Ziyue Xu and Isabella Nogues and Jianhua Yao and Daniel Mollura and Ronald M. Summers},
  title = {Deep Convolutional Neural Networks for Computer-Aided Detection: {CNN} Architectures,  Dataset Characteristics and Transfer Learning},
  journal = {{IEEE} Transactions on Medical Imaging}
}

@article{Petersen2009,
  doi = {10.1212/wnl.0b013e3181cb3e25},
  url = {https://doi.org/10.1212/wnl.0b013e3181cb3e25},
  year = {2009},
  month = dec,
  publisher = {Ovid Technologies (Wolters Kluwer Health)},
  volume = {74},
  number = {3},
  pages = {201--209},
  author = {R. C. Petersen and P. S. Aisen and L. A. Beckett and M. C. Donohue and A. C. Gamst and D. J. Harvey and C. R. Jack and W. J. Jagust and L. M. Shaw and A. W. Toga and J. Q. Trojanowski and M. W. Weiner},
  title = {Alzheimer{\textquotesingle}s Disease Neuroimaging Initiative ({ADNI}): Clinical characterization},
  journal = {Neurology}
}

@misc{Isola2016,
  doi = {10.48550/ARXIV.1611.07004},
  url = {https://arxiv.org/abs/1611.07004},
  author = {Isola,  Phillip and Zhu,  Jun-Yan and Zhou,  Tinghui and Efros,  Alexei A.},
  keywords = {Computer Vision and Pattern Recognition (cs.CV),  FOS: Computer and information sciences,  FOS: Computer and information sciences},
  title = {Image-to-Image Translation with Conditional Adversarial Networks},
  publisher = {arXiv},
  year = {2016},
  copyright = {arXiv.org perpetual,  non-exclusive license}
}

@article{Sarkar2020,
author = {Sarkar, Sobhangi and Kumar, Avinash and Chakraborty, Sabyasachi and Aich, Satyabrata and Sim, Jong-Seong and Kim, Hee-Cheol},
year = {2020},
month = {06},
pages = {16580 â 16586},
title = {A CNN based Approach for the Detection of Brain Tumor Using MRI Scans},
volume = {83},
journal = {Test Engineering and Management}
}