@article{Mukherkjee2022,
  doi = {10.1038/s41598-022-12646-y},
  url = {https://doi.org/10.1038/s41598-022-12646-y},
  year = {2022},
  month = jun,
  publisher = {Springer Science and Business Media {LLC}},
  volume = {12},
  number = {1},
  author = {Debadyuti Mukherkjee and Pritam Saha and Dmitry Kaplun and Aleksandr Sinitca and Ram Sarkar},
  title = {Brain tumor image generation using an aggregation of {GAN} models with style transfer},
  journal = {Scientific Reports}
}

@inproceedings{Han2018,
  doi = {10.1109/isbi.2018.8363678},
  url = {https://doi.org/10.1109/isbi.2018.8363678},
  year = {2018},
  month = apr,
  publisher = {{IEEE}},
  author = {Changhee Han and Hideaki Hayashi and Leonardo Rundo and Ryosuke Araki and Wataru Shimoda and Shinichi Muramatsu and Yujiro Furukawa and Giancarlo Mauri and Hideki Nakayama},
  title = {{GAN}-based synthetic brain {MR} image generation},
  booktitle = {2018 {IEEE} 15th International Symposium on Biomedical Imaging ({ISBI} 2018)}
}

@article{Nie2018,
  doi = {10.1109/tbme.2018.2814538},
  url = {https://doi.org/10.1109/tbme.2018.2814538},
  year = {2018},
  month = dec,
  publisher = {Institute of Electrical and Electronics Engineers ({IEEE})},
  volume = {65},
  number = {12},
  pages = {2720--2730},
  author = {Dong Nie and Roger Trullo and Jun Lian and Li Wang and Caroline Petitjean and Su Ruan and Qian Wang and Dinggang Shen},
  title = {Medical Image Synthesis with Deep Convolutional Adversarial Networks},
  journal = {{IEEE} Transactions on Biomedical Engineering}
}

@article{Emami2018,
  doi = {10.1002/mp.13047},
  url = {https://doi.org/10.1002/mp.13047},
  year = {2018},
  month = jul,
  publisher = {Wiley},
  volume = {45},
  number = {8},
  pages = {3627--3636},
  author = {Hajar Emami and Ming Dong and Siamak P. Nejad-Davarani and Carri K. Glide-Hurst},
  title = {Generating synthetic {CTs} from magnetic resonance images using generative adversarial networks},
  journal = {Medical Physics}
}

@misc{Edgar2020,
  doi = {10.48550/ARXIV.2002.12655},
  url = {https://arxiv.org/abs/2002.12655},
  author = {Sch\"{o}nfeld,  Edgar and Schiele,  Bernt and Khoreva,  Anna},
  keywords = {Computer Vision and Pattern Recognition (cs.CV),  Machine Learning (cs.LG),  Image and Video Processing (eess.IV),  FOS: Computer and information sciences,  FOS: Computer and information sciences,  FOS: Electrical engineering,  electronic engineering,  information engineering,  FOS: Electrical engineering,  electronic engineering,  information engineering},
  title = {A U-Net Based Discriminator for Generative Adversarial Networks},
  publisher = {arXiv},
  year = {2020},
  copyright = {arXiv.org perpetual,  non-exclusive license}
}

@article{Menze2015,
  doi = {10.1109/tmi.2014.2377694},
  url = {https://doi.org/10.1109/tmi.2014.2377694},
  year = {2015},
  month = oct,
  publisher = {Institute of Electrical and Electronics Engineers ({IEEE})},
  volume = {34},
  number = {10},
  pages = {1993--2024},
  author = {Bjoern H. Menze and Andras Jakab and Stefan Bauer, et al.},
  title = {The Multimodal Brain Tumor Image Segmentation Benchmark ({BRATS})},
  journal = {{IEEE} Transactions on Medical Imaging}
}

@article{Bakas2017,
  doi = {10.1038/sdata.2017.117},
  url = {https://doi.org/10.1038/sdata.2017.117},
  year = {2017},
  month = sep,
  publisher = {Springer Science and Business Media {LLC}},
  volume = {4},
  number = {1},
  author = {Spyridon Bakas and Hamed Akbari and Aristeidis Sotiras and Michel Bilello and Martin Rozycki and Justin S. Kirby and John B. Freymann and Keyvan Farahani and Christos Davatzikos},
  title = {Advancing The Cancer Genome Atlas glioma {MRI} collections with expert segmentation labels and radiomic features},
  journal = {Scientific Data}
}

@misc{Bakas2018,
  doi = {10.48550/ARXIV.1811.02629},
  url = {https://arxiv.org/abs/1811.02629},
  author = {Bakas,  Spyridon and Reyes,  Mauricio and Jakab, et al.},
  keywords = {Computer Vision and Pattern Recognition (cs.CV),  Artificial Intelligence (cs.AI),  Machine Learning (cs.LG),  Machine Learning (stat.ML),  FOS: Computer and information sciences,  FOS: Computer and information sciences},
  title = {Identifying the Best Machine Learning Algorithms for Brain Tumor Segmentation,  Progression Assessment,  and Overall Survival Prediction in the BRATS Challenge},
  publisher = {arXiv},
  year = {2018},
  copyright = {arXiv.org perpetual,  non-exclusive license}
}